% Encoding: UTF-8
% Coloca em negrito o título das publicações
@Preamble{"\newcommand{\titleset}[1]{\textbf{#1}} "}

@article{Silva2020,
author = {SILVA, João},
journal = {Comércio Eletrônico: Uma Abordagem Prática.},
number    = {},
pages     = {25},
publisher = {},
title     = {O comércio eletrônico, ou e-commerce, tem se tornado cada vez mais presente no cotidiano dos consumidores, proporcionando conveniência e praticidade nas transações comerciais},
volume    = {},
year      = {2020},
note      = {}

}